<?xml version="1.0" encoding="UTF-8"?><collection xmlns="http://www.loc.gov/MARC21/slim"><record><leader>00506nam--2200181-u-4500</leader><controlfield tag="001">000053570</controlfield><controlfield tag="002">20161230</controlfield><controlfield tag="005">20161230201051</controlfield><controlfield tag="008">110428s1000------------r-----000-0-rus-d</controlfield><datafield ind1=" " ind2=" " tag="040"><subfield code="a">IFIN-HH</subfield></datafield><datafield ind1=" " ind2=" " tag="041"><subfield code="a">rus</subfield></datafield><datafield ind1=" " ind2=" " tag="080"><subfield code="a">535.374</subfield></datafield><datafield ind1="1" ind2=" " tag="100"><subfield code="a">Naboikin, Iu.V</subfield></datafield><datafield ind1="1" ind2="0" tag="245"><subfield code="a">Kogerentnaia spectroskopia molekuliarnnih kristallov</subfield><subfield code="c">Iu.v. naboikin; v.v. samartev; p.v.zinovev; n.b. silaeva</subfield></datafield><datafield ind1=" " ind2=" " tag="260"><subfield code="a">Kiev</subfield><subfield code="b">Naukova Dumka</subfield><subfield code="c">1986</subfield></datafield><datafield ind1=" " ind2=" " tag="300"><subfield code="a">201P</subfield></datafield><datafield ind1=" " ind2=" " tag="852"><subfield code="a">74374</subfield><subfield code="c">535.37</subfield></datafield><datafield ind1=" " ind2=" " tag="CAT"><subfield code="a">Sys</subfield><subfield code="c">20110428</subfield><subfield code="h">141441</subfield></datafield></record></collection>